Automatically generated by Mendeley Desktop 1.19.8
Any changes to this file will be lost if it is regenerated by Mendeley.

BibTeX export options can be customized via Options -> BibTeX in Mendeley Desktop

@article{Asriadi2021,
abstract = {ABSTRAKDesa Bentang Kecamatan Galesong Selatan Kabupaten Takalar merupakan desa yang sebagian besar penduduknya pada sektor pertanian maupun usaha ternak. Namun pada pelaksanaan dilapangan, desa ini belum memanfaatkan hasil alam, dalam hal ini limbah-limbah kotoran ternak maupun pertanian sebagai bahan dasar pupuk organik yang dipergunakan dalam berusahatani. Sehingga pengabdian masyarakat ini bertujuan agar masyarakat Desa Bentang mendapatkan informasi dan pengaplikasian pembuatan pupuk organik padat yang bersumber dari limbah pertanian dan kotoran ternak. Metode pelaksanaan kegiatan masyarakat ini dilakukan dengan beberapa langkah, yaitu: perencanaan, tindakan, observasi dan evaluasi akhir. Hasil kegiatan ini memberikan informasi dan pengaplikasian pembuatan pupuk organik yang bersumber dari limbah pertanian dan kotoran ternak yang nantinya dapat memberikan dampak peningkatan produksi usahataninya.                                                                                                                Kata Kunci: sosialisasi;, aplikasi pupuk organik ABSTRACTBentang Village, South Galesong District, Takalar Regency is a village where most of the populations are in the agricultural sector and livestock business. However, in the implementation of agriculture, that village had not utilized natural products, in this case livestock manure and agricultural wastes as the basic ingredients of organic fertilizer were used in its own agriculture. Thus, this community service aimed to make the people of Bentang Village able to make solid organic fertilizer from compost waste made from livestock manure and agricultural waste to improve agriculture. The method of implementing the had been community activity is carried out in several steps, namely: planning, action, observation and final evaluation. The results of those activities provide information and the application of making organic fertilizers sourced from agricultural waste and livestock manure, which could later have an impact on increasing farm production. Keywords: socialization; application of organic fertilizer },
author = {Asriadi, Andi Amran and Firmansyah, Firmansyah and Husain, Nailah},
doi = {10.31764/jpmb.v5i1.5944},
file = {:C\:/Users/febri/Downloads/5944-20953-1-PB.pdf:pdf},
issn = {2614-5251},
journal = {SELAPARANG Jurnal Pengabdian Masyarakat Berkemajuan},
keywords = {application of organic fertilizer,socialization},
number = {1},
pages = {494},
title = {{Sosialisasi Dan Aplikasi Pembuatan Pupuk Organik Di Desa Bentang Kecamatan Galesong Selatan Kabupaten Takalar}},
volume = {5},
year = {2021}
}
@article{Supinah2020,
abstract = {Tempe merupakan produk fermentasi kedelai yang biasa dikonsumsi oleh masyarakat di Indonesia. Kehadiran industri tempe seringkali dijumpai khususnya di Desa Kuripan Kertoharjo. Selain menjadi penopang ekonomi rakyat, ternyata juga menimbulkan {\ldots}},
author = {Supinah, Pipin and Setiawan, Wahyu Fajar and {Pratika Mulya}, Setyardi},
file = {:C\:/Users/febri/Downloads/31398-Article Text-105619-1-10-20200626.pdf:pdf},
journal = {Jurnal Pusat Inovasi Masyarakat},
number = {4},
pages = {642--646},
title = {{Sosialisasi Pemanfaatan Limbah Tempe Sebagai Pupuk Organik Cair Untuk Pengolahan Berkelanjutan di Desa Kuripan Kertoharjo}},
volume = {2},
year = {2020}
}
@article{Efelina2018,
abstract = {Desa Mulyajaya terletak di kecamatan Telukjmabe Barat yang sebagian besar masyarakatnya adalah petani. Di desa tersebut terdapat banyak pohon pisang. Sebagian besar pohon pisang hanya diambil buahnya saja. Masyarakat desa tidak mengetahui manfaat batang pisang. Batang pohon pisang merupakan limbah dari tanaman pisang yang hanya dapat berbuah satu kali sehingga batang pisang hanya akan menjadi limbah yang menumpuk karena pemanfaatannya masih belum optimal. Batang pohon pisang memiliki kandungan selulosa yang cukup tinggi. Kandungan yang terdapat pada batang pisang sebagian besar berisi asir dan serat (selulosa), bahan mineral kalium, kalsium, fosfor, besi. Oleh karena itu, tim Pengabdian dari Unsika melakukan sosialisasi pemanfaatan batang pisang menjadi pupuk organik cair. Pupuk organik cair dihasilkan dari fermentasi bahan organik dengan bantuan mikroorganisme limbah seperti batang pisang. Ekstrak batang pisang dikombinasikan dengan gula pasir, dan bioaktivator em4. Pupuk organik berperan memperbaiki unsur fisik, kimia dan biologi tanah. Proses fermentasi dalam pembuatan pupuk organik cair merupakan proses penguraian atau perombakan bahan organik yang dilakukan dalam kondisi tertentu oleh mikroorganisme fermentatif yang disebut bioaktivator. Masyarakat desa Mulyajaya sekarang sudah dapat membuat pupuk organik cair dengan memanfaatkan batang pisang yang biasanya hanya sebagai limbah. Kata-kata kunci: batang pisang, organik, pupuk.},
author = {Efelina, Vita and Purwanti, Endah and Dampang, Sarah and Rahmadewi, Reni},
file = {:C\:/Users/febri/Downloads/2461-Article Text-8813-1-10-20181212.pdf:pdf},
journal = {Senadimas},
pages = {357--359},
title = {{Sosialisasi Pembuatan Pupuk Organik Cair Dari Batang Pohon Pisang Di Desa Mulyajaya Kecamatan Telukjambe Timur Kabupaten Karawang}},
year = {2018}
}
@article{Fadhli2021,
abstract = {{\ldots} Dilihat dari segi potensi yang ada, warga sekitar Desa Barongsawahan memang sebagian besar juga peternak kambing. Jadi limbah kotoran kambing tersebut dapat dimanfaatkan menjadi pupuk organik salah satunya, baik berupa kotoran padat maupun kotoran cair. Karena {\ldots}},
author = {Fadhli, Khotim and Khomsah, Ma'rifatul and Pribadi, Ramadhan Galang and Firmasyah, Kholis},
file = {:C\:/Users/febri/Downloads/1749-Article Text-4489-2-10-20210731.pdf:pdf},
journal = {Jumat Pertanian: Jurnal Pengabdian Masyarakat},
keywords = {goat manure,mycorrhizal biological agents,socialization,solid organic fertilizer from},
number = {2},
pages = {64--70},
title = {{Pemberdayaan Masyarakat melalui Sosialisasi Pemanfaatan Pupuk Organik Padat Kohe Kambing dan Agens Hayati Mikoriza sebagai Alternatif Pertanian Berkelanjutan}},
volume = {2},
year = {2021}
}
@article{Susilowati2020,
abstract = {Pupuk bioorganik-fosfat adalah pupuk organik yang diperkaya dengan rhizobacteria pelarut fosfat (PSR). Penambahan PSR pada pupuk organik dimaksudkan untuk meningkatkan kualitas pupuk organik. Tujuan dari kegiatan pengabdian masyarakat ini adalah untuk mensosialisasikan penggunaan pupuk bioorganik-fosfat pada tanaman cabai merah untuk mengurangi penggunaan pupuk anorganik. Kegiatan layanan ini menggunakan pendekatan partisipatif. Sebagai mitra petani target adalah kelompok tani "Bahtera" di Desa Narmada, Distrik Narmada, Kabupaten Lombok Barat. Kegiatan ini dimulai dengan membangun kesepakatan bersama antara tim layanan masyarakat dan petani sasaran melalui diskusi kelompok (FGD). Kegiatan selanjutnya adalah kegiatan penyuluhan tentang "pupuk bioorganik-fosfat, perannya, dan manfaatnya". Selanjutnya, kegiatan demplot percontohan pemupukan terpadu dilakukan di lahan petani untuk menunjukkan perbedaan hasil dengan / tanpa menggunakan kombinasi pupuk bioorganik-fosfat dan pupuk anorganik. Hasil cabai menunjukkan bahwa pemupukan kombinasi bioorganik-fosfat dan 75% dari dosis pupuk yang direkomendasikan lebih tinggi dari 100% dari dosis yang direkomendasikan. kegiatan pengabdian masyarakat ini mendapat respons positif dari petani. Kegiatan sosialisasi ini perlu dilakukan di lokasi lain sehingga lebih banyak petani menerapkan pola pemupukan dengan menggabungkan pupuk bioorganik-fosfat dan anorganik.Obyek wisata akan semakin memiliki daya tarik, jika memiliki berbagai alternatif kegiatan yang dapat diatawarkan bagi para pengunjung selama berwisata.},
author = {Susilowati, Lolita Endang and Arifin, Zaenal},
doi = {10.29303/jurnalpepadu.v1i4.132},
file = {:C\:/Users/febri/Downloads/132-Article Text-255-1-10-20201110.pdf:pdf},
journal = {Jurnal PEPADU},
number = {4},
pages = {429--436},
title = {{Sosialisasi Penggunaan Pupuk bioorganik-fosfat Pada Tanaman Cabai Merah (Capsicum annum L)}},
volume = {1},
year = {2020}
}
@article{Dianagari2019,
abstract = {Desa Picisan, Kecamatan Sendang, Kabupaten Tulungagung merupakan salah satu desa yang perekonomiannya bertumpu pada sektor pertanian. Hampir seluruh warga di Desa Picisan berprofesi sebagai petani dan peternak. Namun ada satu permasalahan yang perlu diselesaikan. Limbah peternakan sangat belum dimanfaatkan oleh masyarakat Desa Picisan dan sangat mengganggu lingkungan sekitar karena bau kotoran yang menyengat. Kegiatan sosialisasi dan pelatihan pembuatan pupuk organik (Bokashi) dari kotoran ternak dijalankan  selama 1 hari dengan didemonstrasikan cara pembuatan pupuk bokashi. Setelah kegiatan ini diharapkan para petani dan peternak dapat membuat pupuk organik (Bokashi) sendiri di rumah, sehingga dapat menghemat biaya pengeluaran untuk membeli pupuk lagi.},
author = {Dianagari, Riki and Anggraini, Illa Novia},
doi = {10.32503/cendekia.v1i1.467},
file = {:C\:/Users/febri/Downloads/467-145-1338-1-10-20190622.pdf:pdf},
issn = {2684-9003},
journal = {Cendekia : Jurnal Pengabdian Masyarakat},
keywords = {bokashi,breeders,farmers,fertilizer,socialization},
number = {1},
pages = {38},
title = {{Sosialisasi Pembuatan Pupuk Organik (Bokashi) Dari Kotoran Hewan Ternak Desa Picisan Kecamatan Sendang Kabupaten Tulungagung}},
volume = {1},
year = {2019}
}
@article{Herdiyantoro2015,
abstract = {Pemakaian pupuk anorganik dalam jumlah berlebihan dan pengolahan tanah secara intensif dapat merusakkualitas tanah. Alternatif yang dapat digunakan untuk mengurangi dampak penggunaan pupuk anorganik danpengolahan tanah intensif adalah dengan pupuk hayati dan pupuk organik serta olah tanah konservasi. Tujuandari kegiatan KKNM-PPMD Integratif dengan judul Upaya Peningkatan Kualitas Tanah di Desa Sukamanahdan Desa Nanggerang Kecamatan Cigalontang Kabupaten Tasikmalaya Jawa Barat Melalui SosialisasiPupuk Hayati, Pupuk Organik dan Olah Tanah Konservasi adalah meningkatkan pengetahuanmasyarakat tentang manfaat penggunaan pupuk hayati dan pupuk organik serta pentingnya penerapan olahtanah konservasi untuk menjaga kelestarian tanah. Kegiatan KKNM-PPMD Integratif dilaksanakan daritanggal 7 Januari 2014 sampai dengan tanggal 6 Februari 2014. Pengenalan pupuk hayati, pupuk organik danolah tanah konservasi dilakukan melalui pertemuan dan diskusi dengan masyarakat Desa Sukamanah dan DesaNanggerang serta demonstrasi plot pembuatan kompos dari jerami padi. Peningkatan pengetahuan masyarakatdianalisis berdasarkan hasil ujian sebelum mengikuti kegiatan pre test dan setelah mengikuti kegiatan posttest. Data dianalisis menggunakan Uji t Dua Sampel Berpasangan (Paired Sample t Test) pada taraf 5%. Hasilkegiatan menunjukkan bahwa terjadi peningkatan pengetahuan masyarakat secara nyata khususnyapetani di Desa Sukamanah tentang pupuk hayati, pupuk organik dan olah tanah konservasi.},
author = {Herdiyantoro, Dian},
doi = {10.24198/dharmakarya.v4i2.10028},
file = {:C\:/Users/febri/Downloads/9039-15273-1-PB.pdf:pdf},
issn = {2302-8955},
journal = {Dharmakarya},
keywords = {biofertilizer,conservation soil tillage,desa,desa nanggerang,fertilizer,inorganic fertilizer,organic,sukamanah},
number = {2},
pages = {47--53},
title = {{Upaya Peningkatan Kualitas Tanah Di Desa Sukamanah Dan Desa Nanggerang Kecamatan Cigalontang Kabupaten Tasikmalaya Jawa Barat Melalui Sosialisasi Pupuk Hayati, Pupuk Organik Dan Olah Tanah Konservasi}},
volume = {4},
year = {2015}
}
@article{Baroroh2020,
author = {Baroroh, Iin and Faizah, Mazidatul and Kumalasari, Rifky},
file = {:C\:/Users/febri/Downloads/1015-Article Text-1974-2-10-20210419 (1).pdf:pdf},
keywords = {farmer groups,liquid organic fertilizer,poc,workshop},
number = {1},
pages = {1--5},
title = {{Workshop Pembuatan POC ( Pupuk Organik Cair ) pada Kelompok Tani Desa Mojokambang Kabupaten Jombang}},
volume = {1},
year = {2020}
}
@article{Ratriyanto2019,
abstract = {Tujuan pengabdian ini adalah memberikan pelatihan dan praktek pembuatan pupuk organik dari kotoran ternak di Desa Kaliboto, Kecamatan Mojogedang, Kabupaten Karanganyar. Kompos merupakan pupuk organik yang berasal dari sisa tanaman dan kotoran hewan yang telah mengalami proses dekomposisi atau pelapukan. Bahan pembuatan pupuk kompos pada umumnya menggunakan kotoran sapi. Keunggulan dari pupuk kompos ini adalah ramah lingkungan, dapat menambah pendapatan peternak dan dapat meningkatkan kesuburan tanah dengan memperbaiki kerusakan fisik tanah akibat pemakaian pupuk anorganik secara berlebihan. Kelompok Tani Desa Kaliboto merupakan kelompok tani yang beternak sapi potong jenis sekaligus melakukan penanaman padi di sawah. Limbah kotoran ternak yang dihasilkan dari kelompok tani tersebut belum diolah secara maksimal untuk digunakan sebagai pupuk organik pada lahan pertanian. Selama ini, petani masih mengandalkan pupuk kimia sebagai sumber utama pupuk. Penggunaan pupuk kimia secara berkepanjangan dapat menyebabkan kerusakan fisik pada tanah, selain itu biaya pembelian pupuk juga relative mahal. Oleh karena itu pelaksanaan program pengabdian kepada masyarakat ini dengan memberikan paket teknologi pembuatan pupuk organik dengan bahan dasar kotoran sapi. Kegiatan penyuluhan dan praktek pembuatan pupuk organik sudah dilaksanakan di kelompok tani tersebut. Hasil pupuk organik yang diperoleh diharapkan dapat diaplikasikan pada lahan pertanian untuk mengurangi penggunaan pupuk kimia.},
author = {Ratriyanto, Adi and Widyawati, Susi Dwi and {P.S. Suprayogi}, Wara and Prastowo, Sigit and Widyas, Nuzul},
doi = {10.20961/semar.v8i1.40204},
file = {:C\:/Users/febri/Downloads/40204-100513-1-PB.pdf:pdf},
issn = {2302-3937},
journal = {SEMAR (Jurnal Ilmu Pengetahuan, Teknologi, dan Seni bagi Masyarakat)},
number = {1},
pages = {9--13},
title = {{Pembuatan Pupuk Organik dari Kotoran Ternak untuk Meningkatkan Produksi Pertanian}},
volume = {8},
year = {2019}
}
