Automatically generated by Mendeley Desktop 1.19.8
Any changes to this file will be lost if it is regenerated by Mendeley.

BibTeX export options can be customized via Options -> BibTeX in Mendeley Desktop

@article{Laily2021,
author = {Laily, Nurul and Rahmat, Abdul},
file = {:C\:/Users/febri/Downloads/PMB/336420-the-impact-of-covid-19-on-the-performanc-54e8a0e1.pdf:pdf;::},
keywords = {covid-19,impact of covid 19,in sme,performance of tofu,sme},
number = {1},
pages = {328--345},
title = {{THE IMPACT OF COVID-19 ON THE PERFORMANCE OF TOFU SMES IN KEDIRI}},
volume = {7},
year = {2021}
}
@article{Chatterjee2020,
author = {Chatterjee, Kaustuv and Chatterjee, Kaushik and Kumar, Arun},
doi = {10.1016/j.mjafi.2020.03.022},
file = {:C\:/Users/febri/Downloads/PMB/chatterjee2020.pdf:pdf},
issn = {0377-1237},
journal = {Medical Journal Armed Forces India},
number = {2},
pages = {147--155},
publisher = {Elsevier Ltd},
title = {{ScienceDirect Healthcare impact of COVID-19 epidemic in India : A stochastic mathematical model}},
url = {https://doi.org/10.1016/j.mjafi.2020.03.022},
volume = {76},
year = {2020}
}
@article{Satiti2022,
abstract = {Measles is an infectious disease caused by Paramyxovirus group. The spread of measles can be represented in susceptible infected recovered (SIR) model. Kemenkes RI conducted a measles/MR vaccination program to achieve the target of Indonesia-free-measles in 2030. Measles treatment is done by giving vitamin A. In this study, SVITR model was constructed with the effect of sanitation then we applied it to measure the measles cases in Indonesia. Data used are annual data from 2009-2019. The graph of the solution model for the years 2009-2030 in Indonesia shows that the number of individuals S, V, I, and T individuals has a downward trend. On the other hand, the number of R individuals is an upward trend. The relative error obtained is on the interval [-0.942920, 0.339577]. Based on the graph of the solution model, we predict that there are 42 measles cases in 2030. It shows that the target of Indonesia-free-measles cannot be achieved. Based on the simulations parameters, if the contact rate reduced to 90%, the proportion constant is increased to 30%, the sanitation rate constant is increased to 55%, then it is predicted Indonesia will be measles free in 2030. Moreover, if the number of susceptible individuals receiving vaccines is increased to 10%, then it is predicted Indonesia will be measles free in 2030.},
author = {Satiti, Elfadea and Widyaningsih, Purnami and Setiyowati, Ririn},
file = {:C\:/Users/febri/Desktop/PMB/paper/1524-4472-1-PB.pdf:pdf},
journal = {Jurnal Ilmiah Pendidikan Matematika},
keywords = {measles,measless,sanitation,svitr,treatment,vaccination},
number = {1},
pages = {45--56},
title = {{Model Susceptible Vaccinated Infected Treatment Recovered Dengan Pengaruh Sanitasi Pada Penyebaran Penyakit Menular (Kasus Campak Di Indonesia)}},
volume = {10},
year = {2022}
}
@article{Ifati2021,
abstract = {Tuberculosis (TB) is a contagious disease that still exists in a community. A mathematical model incorporating vaccinated treatment and the effect of relapse of the disease is studied. This research is modified with vaccinated to reduce the rate of transmission and relapse condition in a healing period. The model is analysed to verify the dynamical behaviour of the equilibriums. The nonendemic equilibrium (NE) state is determined by Castillo-Chaves theorem for the stability of global and the endemic equilibrium (EE) state using Lyapunov method. The existence of EE is determined by reproductive number (R0) that derived by next generation matrix. When the R0 less than one, NE state is stable. Then EE is stable if R0 exceed unity. The simulation result is presented to describe the dynamic of TB spread in a long time.},
author = {Ifati, A. N. and Sutimin and Herdiana, R. and Utomo, R. H.S. and Permatasari, A. H.},
doi = {10.1088/1742-6596/1943/1/012131},
file = {:C\:/Users/febri/Desktop/PMB/paper/Ifati_2021_J._Phys.__Conf._Ser._1943_012131.pdf:pdf},
issn = {17426596},
journal = {Journal of Physics: Conference Series},
number = {1},
title = {{Analysis of a mathematical model in the spread of tuberculosis epidemic with vaccination and relapse effect}},
volume = {1943},
year = {2021}
}
@article{Nurazizah2022,
abstract = {This study aims to use the Pendidikan Matematika Realistik Indonesia (PMRI) approach to measure the mathematical reasoning ability of grade VII students in answering PISA-like mathematics problems on number content in the context of COVID-19. This study employs descriptive research with 34 participants from a junior high school in Palembang, Indonesia. Tests, interviews, and observations were utilized to collect data. The method of analysis adopted is descriptive. Google Meet is used to facilitate learning. Learning the PMRI technique was accomplished in this study by assigning sharing and jumping tasks. That is, assignments for students to discuss with each other have different levels of difficulty, followed by two exam questions. In the context of COVID-19, the test questions are PISA-like maths problems. The results show that students' average mathematical reasoning skill is 63,037, with mathematical manipulation a common indicator. Most students have exhibited indications for presenting conjectures. However, only a few students have put down indicators for drawing logical conclusions, so drawing logical conclusions is an indicator that students rarely see. Overall, grade VII students' mathematical reasoning skills in answering PISA-like mathematics questions on number material in the context of COVID-19 utilizing the PMRI approach is good since students are used to modeling contextual problems such that mathematical manipulation indicators occur.},
author = {Nurazizah, Ismi and Zulkardi, Zulkardi},
doi = {10.29408/jel.v8i1.4599},
file = {:C\:/Users/febri/Desktop/PMB/paper/4599-16334-3-PB.pdf:pdf},
journal = {Jurnal Elemen},
keywords = {0 international license,10 december 2021,24 december 2021,28 november 2021,6 january 2022,accepted,attribution-sharealike 4,covid-19,jurnal elemen is licensed,mathematical reasoning ability,number,pisa,pmri,published,received,revised,under a creative commons},
number = {1},
pages = {250--262},
title = {{Students' mathematical reasoning ability in solving PISA-like mathematics problem COVID-19 context}},
volume = {8},
year = {2022}
}
@article{Ukaely2016,
author = {Ukaely, Muh Abey},
file = {::},
title = {{Analisis Kestabilan Model Predator Prey ( Suatu Tinjauan Teoritis )}},
year = {2016}
}
@article{Akbar2022,
author = {Akbar, Fadilah},
file = {::},
title = {{Analisis model epidemi seir dan simulasi serangan pandemi covid-19 gelombang kedua di kota surabaya}},
year = {2022}
}
@article{NUHA2021,
abstract = {Coronavirus Disease-2019 (COVID-19) merupakan suatu virus yang dapat menyebabkan penyakit menular dengan gejala batuk, demam, hilangnya indra perasa maupun penciuman, hingga sesak napas. Proses penyebaran penyakit terjadi ketika adanya kontak dari individu terinfeksi dengan individu rentan, baik secara langsung maupun tidak langsung. Penelitian ini dilakukan untuk merumuskan model matematika penyebaran COVID-19, melakukan analisis kestabilan model, dan simulasi numerik. Berdasarkan asumsi serta pertimbangan dalam membangun model diperoleh suatu model matematika penyebaran Covid-19 tipe SVIR yang terdiri atas empat kelas populasi, yaitu kelas populasi; individu rentan (S), individu tervaksin (V), individu terinfeksi (I), dan individu sembuh dari COVID-19 (R). Sifat kestabilan titik kesetimbangan model bergantung pada perubahan nilai bilangan reproduksi dasar (<0). Titik kesetimbangan bebas penyakit E0 bersifat stabil asimtotik lokal jika <0 < 1, serta tidak stabil jika <0 > 1. Titik kesetimbangan bebas penyakit E0 akan selalu ada, serta titik kesetimbangan endemik E∗ unik dan positif jika dan hanya jika <0 > 1. Simulasi numerik menggambarkan bahwa sistem berada pada kondisi stabil disekitar titik kesetimbangan endemik. Peningkatan laju vaksinasi dan laju efektivitas pengobatan masing-masing dapat menekan jumlah kasus infeksi COVID-19. Sedangkan peningkatan laju penyusutan vaksin dan laju penurunan efektivitas vaksin dapat mengakibatkan jumlah kasus infeksi COVID-19 terus meningkat.Kata Kunci: COVID-19, Model SVIR, Titik Kesetimbangan},
author = {NUHA, AGUSYARIF REZKA and ACHMAD, NOVIANITA and SUPU, NUR 'AIN},
doi = {10.25077/jmu.10.3.406-422.2021},
file = {:C\:/Users/febri/Desktop/PMB/paper/884-1667-1-SM.pdf:pdf},
issn = {2303-291X},
journal = {Jurnal Matematika UNAND},
number = {3},
pages = {406},
title = {{Analisis Model Matematika Penyebaran Covid-19 Dengan Intervensi Vaksinasi Dan Pengobatan}},
volume = {10},
year = {2021}
}
@article{Matematika2021,
author = {Matematika, Jurnal Ilmiah},
file = {:C\:/Users/febri/Downloads/39449-Article Text-70957-1-10-20211001.pdf:pdf},
isbn = {1703021401},
keywords = {branch and bound,integer linear programming,optimization},
number = {02},
pages = {251--259},
title = {{MATH unesa}},
volume = {09},
year = {2021}
}
@article{Rangkuti2022,
abstract = {Epidemiological models may provide public health practitioners with some fundamental guidelines, allowing for the examination of issues that may influence disease prevention and treatment techniques. On establish the relative impact of the model parameters to disease transmission, a sensitivity analysis of the epidemiological model is undertaken. A sensitivity analysis of the Susceptible, Exposed, Infectious, and Recovered (SEIR) model of corona virus 2019 (COVID 19) was undertaken to determine the parameters' influence on the basic reproduction number and endemic equilibrium. The rate of contact between susceptible individual and exposed individuals and rate of exposed to infected individuals are the most impactful parameters on the basic reproduction number and the number of infectious individuals, according to our findings. Furthermore, the number of people who have been exposed is affected by the rate at which they proceed from exposed to infect. The findings show that if infectious people recover faster, the number of contagious people will decrease.},
author = {Rangkuti, Y. M. and Firmansyah and Landong, A.},
doi = {10.1088/1742-6596/2193/1/012092},
file = {:C\:/Users/febri/Desktop/PMB/paper/Rangkuti_2022_J._Phys.__Conf._Ser._2193_012092.pdf:pdf},
issn = {17426596},
journal = {Journal of Physics: Conference Series},
number = {1},
title = {{Sensitivity analysis of SEIR epidemic model of Covid 19 spread in Indonesia}},
volume = {2193},
year = {2022}
}
@article{Saparwadi2011,
author = {Saparwadi, Lalu},
file = {::},
number = {2},
pages = {133--150},
title = {{Kestabilan Titik Ekuilibrium Bebas Heroin Dalam Model Sistem Persamaan Diferensial (ODE)}},
volume = {4},
year = {2011}
}
@article{Nawaz2022,
abstract = {In this paper, we propose a modified fractional diffusive SEAIR epidemic model with a nonlinear incidence rate. A constructed model of fractional partial differential equations (PDEs) is more general than the corresponding model of fractional ordinary differential equations (ODEs). The Caputo fractional derivative is considered. Linear stability analysis of the disease-free equilibrium state of the epidemic model (ODEs) is presented by employing Routh–Hurwitz stability criteria. In order to solve this model, a fractional numerical scheme is proposed. The proposed scheme can be used to find conditions for obtaining positive solutions for diffusive epidemic models. The stability of the scheme is given, and convergence conditions are found for the system of the linearized diffusive fractional epidemic model. In addition to this, the deficiencies of accuracy and consistency in the nonstandard finite difference method are also underlined by comparing the results with the standard fractional scheme and the MATLAB built-in solver pdepe. The proposed scheme shows an advantage over the fractional nonstandard finite difference method in terms of accuracy. In addition, numerical results are supplied to evaluate the proposed scheme's performance.},
author = {Nawaz, Yasir and Arif, Muhammad Shoaib and Shatanawi, Wasfi},
doi = {10.3390/fractalfract6020078},
file = {:C\:/Users/febri/Desktop/PMB/paper/fractalfract-06-00078-v3.pdf:pdf},
issn = {25043110},
journal = {Fractal and Fractional},
keywords = {Convergence,Diffusive epidemic model,Non-linear incidence rate,Proposed fractional scheme,Stability},
number = {2},
title = {{A New Numerical Scheme for Time Fractional Diffusive SEAIR Model with Non-Linear Incidence Rate: An Application to Computational Biology}},
volume = {6},
year = {2022}
}
@article{Adi2020,
abstract = {Coronavirus 2019 (COVID-19), yang kasusnya dimulai di Cina, dalam kurun waktu dua bulan telah menyebar dengan cepat ke lebih dari 114 negara dan territorial. Pemahaman tentang dinamika penularan Covid-19 sangat penting untuk menentukan kebijakan dan strategi dalam pengobatan dan pengendalian penyebaran penyakit ini. Dalam makalah ini, disusun model matematika yang menggambarkan dinamika penularan penyakit menggunakan model matematika deterministik dengan menggunakan data penyebaran COVID-19 di Jakarta, Indonesia dari 3 Maret 2020, hingga 10 April 2020. Model berbentuk Sistem persamaan diferensial yang selanjutnya dilakukan analisis matematika dan simulasi numerik. Hasil simulasi menunjukkan bahwa tanpa intervensi, angka reproduksi penyebaran Covid-19 di Provisi Jakarta sekitar 1,658 dan jika Pembatasan Sosial Berskala Besar (PSBB) diimplementasikan, maka angka reproduksinya turun menjadi 1,40. Lebih lanjut, epidemi diperkirakan akan berakhir sekitar akhir November 2020 dengan kasus puncak pada pertengahan Juni 2020 dengan jumlah orang yang dikonfirmasi positif terinfeksi mencapai sekitar 9.000 jiwa. Dari hasil pemodelan ini, disimpulkan bahwa untuk meminimalkan penularan penyakit, perlu menerapkan kebijakan dan kontrol yang lebih ketat. [Coronavirus disease 2019 (COVID-19) which was initiated in China, has spread rapidly in more than 114 countries and territories over the last two months. An understanding of the dynamics of Covid-19 transmission is very important to determine policies and strategies in the treatment and control of the spread of this disease. In this paper, we formulated a mathematical model that describes the transmission dynamics of the disease using a deterministic mathematical model and the model is validated against data from Jakarta, Indonesia from March 3, 2020, to April 10, 2020. Mathematical analysis and numerical simulations are presented. We found that without intervention, the reproduction number is around 1.658 and the reproduction number declines to 1.40 if large scale social distancing is implemented. Furthermore, the end time of epidemic is predicted to be around the end of November 2020 with peak cases around mid-June 2020 and the number of confirmed infected individuals is around 9,000. To minimize the transmission of the diseases, it is necessary to enforce strict policies and controls.]},
author = {Adi, Yudi Ari and Ndii, Meksianis Z.},
doi = {10.14421/fourier.2020.91.1-9},
file = {:C\:/Users/febri/Downloads/mqudratullah,+Journal+editor,+ED+1+Yudi+Ari+Adi.pdf:pdf},
issn = {2252-763X},
journal = {Jurnal Fourier},
keywords = {covid-19,mathematical model,psbb,stability},
number = {1},
pages = {1--9},
title = {{Modeling and Prediction of COVID-19 with a Large Scale Social Distancing}},
volume = {9},
year = {2020}
}
@article{Arif2022,
author = {Arif, Zainab and Raza, Yusra},
file = {:C\:/Users/febri/Desktop/PMB/paper/astra zeneca.pdf:pdf},
number = {1},
pages = {2022},
title = {{STUDENTS ' CORNER LETTER TO THE EDITOR AstraZeneca Vaccine : Should we be concerned}},
volume = {72},
year = {2022}
}
@article{Loklomin2014,
abstract = {ABSTRAK Dalam penelitian ini akan ditentukan solusi penyelesaian persamaan diferensial orde kedua yang timbul dalam masalah rangkaian listrik RLC dengan menggunakan metode Runge-Kutta orde empat. Persamaan diferensial orde kedua dibentuk menjadi sistem persamaan orde pertama dan diselesaikan secara simultan. Hasilnya diperoleh solusi yang tingkat presisinya cukup tinggi jika dibandingkan dengan solusi analitiknya.},
author = {Loklomin, Samsul B and Rumlawang, Francis Y},
file = {::},
number = {1},
pages = {39--43},
title = {{APLIKASI METODE RUNGE KUTTA ORDE EMPAT PADA PENYELESAIAN RANGKAIAN LISTRIK RLC Application of Fourth Order Runge Kutta methods on Completion of the Electrical Circuit RLC}},
url = {file:///C:/Users/Asus/Downloads/262-Article Text-1046-1-10-20180131.pdf},
volume = {8},
year = {2014}
}
@article{Pasteur1941,
abstract = {With an eye towards environmental sustainability, this book presents a step-by-step approach to formulating the resilience of civil infrastructure and energy systems. It provides a concise explanation of resilience terminology, a general overview of theoretical models and analyses, and a clear guide to practical applications, covering critical topics such as interdependent infrastructures and geologic carbon sequestration. Additionally, it contains a general introduction to selected data science topics, so readers can acquire the tools to formulate and analyze resilience engineering problems in depth. Informed by the author's extensive practical experience and thorough academic background, this book includes examples to illustrate key computational algorithms, end-of-chapter exercises and references, and an entire chapter devoted to case studies. Intended for practitioners of resilience engineering with a background in probability, this book offers a balanced blend of background, theory, and practical examples to address one of the most important emerging topics of modern times.},
author = {Pasteur, Luis and Koch, Robert},
file = {:C\:/Users/febri/Desktop/PMB/paper/503-Manuscript- with Author Info-1937-1-10-20220404.pdf:pdf},
keywords = {asymptotic stability,bernoulli beam,euler,lasalle invariance principle},
number = {1934},
pages = {535--546},
title = {{1. Introduction 1. Introduction}},
volume = {74},
year = {1941}
}
@article{Sari2021,
author = {Sari, Dhita Kurnia and Fawzi, Alfian},
file = {:C\:/Users/febri/Downloads/PMB/171-Article Text-789-1-10-20211028.pdf:pdf},
keywords = {10,171,2021,30994,accepted september 20,and the articles published,anxiety,attribution-,covid-19,doi,health protocol compliance,https,its website,jnp,knowledge,org,personality,practice,received august 15,revised august 21,the journal of nursing,there in are licensed,under a creative commons,v5i1},
number = {1},
pages = {189--195},
title = {{Determinants of Compliance With The Implementation of The Covid-19 Health Protocol In The Community of Kediri City}},
volume = {5},
year = {2021}
}
@article{Wirawan2021,
author = {Wirawan, Nathania Carolina and Herihadi, Eko},
doi = {10.14228/jprjournal.v8i2.329},
file = {:C\:/Users/febri/Downloads/PMB/admin,+EDITED+-+1+EPIDEMIOLOGY+AND+CHARACTERISTICS+OF+PLASTIC+SURGERY+CASES+IN+SIMPANG+LIMA+GUMUL+GENERAL+HOSPITALok.pdf:pdf},
keywords = {covid-19,cross-sectional studies,plastic surgery},
number = {2},
pages = {68--75},
title = {{Epidemiology and Characteristics of Plastic Surgery Cases in Simpang Lima Gumul General Hospital, Kediri Regency During COVID-19 Pandemic}},
volume = {8},
year = {2021}
}
@article{Widyaningsih2021,
abstract = {Pneumonia is an infectious disease caused by microorganisms such as viruses, fungi and bacteria. This article focuses on pneumonia caused by bacteria Haemophilus influenzae type b (Hib). The purpose in this article is to formulate the susceptible vaccinated carrier infected recovered (SVCIR) model, apply the model for pneumonia in Indonesia, determine the pattern of its spread, and interpret the result of applying the model. The SVCIR model is a first order nonlinear differential equation system with the independent variable t and the dependent variables S, V, C, I and R. The SVCIR model was applied to pneumonia in Indonesia by the estimating the parameters values based on annual data for 2013-2018. Based on the application, it is known that there are still 2123586 cases of pneumonia in 2030. Therefore, based on the SVCIR model with initial values and parameters used, the target of Indonesia free of pneumonia in 2030 is estimated not to be reached and only reached in 2095. Therefore, simulation was carried out to reach Indonesia that free pneumonia by 2030. Based on the simulation, by increased vaccination rate is from a = 0.016940 to a = 2.158900 or the contact rate is decreased from {\ss} = 1.805109 to {\ss} = 0.057143 and simultaneously the vaccination rate is increased from a = 0.016940 to a = 0.033338 and decreased the contact rate from {\ss} = 1.805109 to {\ss} = 0.057706 while the other parameters have not changed the target for Indonesia to be free of pneumonia by 2030 can be achieved.},
author = {Widyaningsih, Purnami and Wardani, Zulia Dewi and Indriati, Diari},
doi = {10.1063/5.0039954},
file = {:C\:/Users/febri/Desktop/PMB/paper/5.0039954.pdf:pdf},
isbn = {9780735440708},
issn = {15517616},
journal = {AIP Conference Proceedings},
number = {February},
title = {{Spread of pneumonia in Indonesia: Susceptible vaccinated carrier infected recovered model}},
volume = {2326},
year = {2021}
}
@article{Tan1918,
archivePrefix = {arXiv},
arxivId = {arXiv:2004.06888v2},
author = {Tan, Sheldon X and Chen, Liang},
eprint = {arXiv:2004.06888v2},
file = {:C\:/Users/febri/Downloads/PMB/2004.06888.pdf:pdf},
title = {{Real-Time Differential Epidemic Analysis and Prediction for COVID-19 Pandemic}},
year = {1918}
}
@article{Sofiah2013,
author = {Sofiah},
file = {::},
number = {2},
pages = {530--542},
title = {{Analisa Penentuan Harga Gain Untuk Kestabilan Pada Sistem Pengendali Dengan Metode Routh-Hurwitz}},
volume = {3},
year = {2013}
}
@article{Indarwati2019,
abstract = {Planning and analyzing market needs precisely and efficiently if managed optimally is needed to achieve company success. In practice, existing transaction data used as a reference in planning and analyzing market needs. This company needs a tool to predict future sales. This information is needed because a good sales prediction will help understand what items must be distributed according to market needs so that companies can reduce uncertainty in decision making. The purpose of this study is to create an information system can do smartphone sales forecasting at 82 Cell Mayang with the Linear Regression method. The sales forecasting system is using the Linear Regression method, The goal to create a sales forecasting system by determining the sales volume with a certain period by looking at the cost of advertising and the number of sales. The research method used includes observation, interviews and literature studies. Designing using DAD includes entity relation diagrams, context diagrams, the hierarchy of input process output and data flow diagrams. The programming language used is Visual Basic.Net and the sql server 2008 database. Features in the sales forecasting application include processing data items, customer data, incoming product data, sales data, and forecasting data. The test results show the MAPE value is 0.032 and the MSE value is 5.16. From this value, it can be said that the prediction of smartphone sales with the Linear Regression method on 82 Cell Mayang is categorized as very good. Whereas for the blackbox testing that has been carried out, it shows that the smartphone sales forecasting system in 82 Cell Mayang, Sukoharjo has been going well.Keywords: forecasting, sales prediction, incoming product data, linear regression, visual basic},
author = {Indarwati, Tri and Irawati, Tri and Rimawati, Elistya},
doi = {10.30646/tikomsin.v6i2.369},
file = {::},
issn = {2338-4018},
journal = {Jurnal Teknologi Informasi dan Komunikasi (TIKomSiN)},
keywords = {forecasting,incoming product data,linear regression,sales prediction,visual basic},
number = {2},
pages = {2--7},
title = {{Penggunaan Metode Linear Regression Untuk Prediksi Penjualan Smartphone}},
volume = {6},
year = {2019}
}
@article{Annas2020,
author = {Annas, Suwardi and Pratama, Muh Isbar and Rifandi, Muh and Sanusi, Wahidah and Side, Syafruddin},
doi = {10.1016/j.chaos.2020.110072},
file = {:C\:/Users/febri/Downloads/PMB/10.1016@j.chaos.2020.110072.pdf:pdf},
issn = {0960-0779},
journal = {Chaos, Solitons and Fractals: the interdisciplinary journal of Nonlinear Science, and Nonequilibrium and Complex Phenomena},
keywords = {Basic Reproduction Number,COVID-19,Lyapunov Function,SEIR Model,Simulation Model},
pages = {110072},
publisher = {Elsevier Ltd},
title = {{Stability Analysis and Numerical Simulation of SEIR Model for pandemic COVID-19 spread in Indonesia}},
url = {https://doi.org/10.1016/j.chaos.2020.110072},
year = {2020}
}
@article{Herdyana2021,
author = {Herdyana, Erma and Komariyah, Siti},
file = {:C\:/Users/febri/Downloads/PMB/117.+JIC+u-1+bu+erma+436-442.pdf:pdf},
isbn = {9786029902082},
number = {1},
pages = {436--442},
title = {{The Correlation of Community ' s Perception and Anxiety of Adverse Events Following Immunisation Covid-19 in The City District Kediri City}},
volume = {3},
year = {2021}
}
@article{Tareq2021,
author = {Tareq, Abu Montakim and Emran, Talha Bin and Dhama, Kuldeep and Dhawan, Manish and Tallei, Trina Ekawati},
doi = {10.1080/21645515.2021.1963601},
file = {:C\:/Users/febri/Desktop/PMB/paper/moderna.pdf:pdf},
issn = {2164554X},
journal = {Human Vaccines and Immunotherapeutics},
keywords = {COVID-19,SARS-CoV-2,delta variant (B.1.617.2),second wave,vaccines},
number = {11},
pages = {4126--4127},
pmid = {34473593},
publisher = {Taylor & Francis},
title = {{Impact of SARS-CoV-2 delta variant (B.1.617.2) in surging second wave of COVID-19 and efficacy of vaccines in tackling the ongoing pandemic}},
url = {https://doi.org/10.1080/21645515.2021.1963601},
volume = {17},
year = {2021}
}
@article{Ariyanto2021a,
author = {Ariyanto},
number = {November},
pages = {29--40},
title = {{Analisis Perbandingan Bilangan Reproduksi Dasar Covid-19 Pada Bulan Agustus Dan September Tahun 2021 Di Kota Kupang}},
volume = {03},
year = {2021}
}
@article{Mulyadi2022,
abstract = {Purpose: To explore the experiences of nurses working in emergency departments in selecting and triaging patients during the COVID-19 pandemic. Design: Descriptive phenomenology was applied in this study. Methods: Data were collected from nurses working at hospitals in Indonesia using snowball sampling and telephone interviews. A total of 10 emergency nurses participated, and Colaizzi's method of data analysis was applied. Findings: Six themes and 10 subthemes emerged. The main themes were “extreme challenges in triage,” “feeling of responsibility under uncontrolled spread and infection,” “physical and psychological exhaustion,” “discovering strategies under difficult circumstances,” “looking for positive reinforcement,” and “optimism in togetherness.” Nurses had to deal with the challenge of COVID-19 in the ED triage, interestingly so, the nurses they have shown the development of professional responsibility. Nurses are also experienced in finding patient selection and triage strategies and the sense of optimism that may influence strategy and practice during the COVID-19 pandemic. Conclusions: This findings identify nurses' experiences in dealing with the extreme challenges of emergency department triage as well as their associated strategies and optimism. Clinical relevance: Providing support to emergency nurses, improving emergency department triage, and community empowerment are suggested as strategies to improve nursing care during the COVID-19 pandemic.},
author = {Mulyadi, Mulyadi and Dedi, Blacius and Hou, Wen Li and Huang, I. Chin and Lee, Bih O.},
doi = {10.1111/jnu.12709},
file = {:C\:/Users/febri/Desktop/PMB/paper/J of Nursing Scholarship - 2021 - Mulyadi - Nurses  experiences of emergency department triage during the COVID‐19 pandemic.pdf:pdf},
issn = {15475069},
journal = {Journal of Nursing Scholarship},
keywords = {department emergency,faculty of,medicine,nursing,sam ratulangi university,school of nursing,trauma},
number = {1},
pages = {15--23},
pmid = {34741408},
title = {{Nurses' experiences of emergency department triage during the COVID-19 pandemic in Indonesia}},
volume = {54},
year = {2022}
}
@article{Nasir2021,
abstract = {Abstract   The COVID-19 vaccination program in Indonesia that started on January 13, 2021 is expected to accelerate the herd immunity that will impact on reducing the infected cases. The World Health Organization (WHO) explained that vaccine performance can be measured through vaccine efficacy, effectiveness, and impact. This community service activity aims to provide inputs for policy implementation on COVID-19 vaccination strategy to the government by conducting predictive analysis using a dynamic mathematical modeling to determine the effectiveness and impact of vaccination at the community level. Five types of vaccines were analyzed, namely AstraZeneca, Moderna, Pfizer, Sinopharm and Sinovac. Two basic model scenarios of with and without the vaccination policy implementation were simulated. The model demonstrated that the policy noticeably reduces the number of COVID-19 cases. The main finding demonstrated by the model is that the effectiveness of the vaccine after it is immunized into the community is affected by its efficacy, but the efficacy of various vaccines type does not influence significantly to the vaccine impact on community. Thus, it is recommended that the government ensures the availability of any type of vaccines to accelerate the vaccination program and encourage community participation to be vaccinated to achieve the target goal. Furthermore, since the impact of vaccine on the community is not only determined by its efficacy, the government have to do persistent health education and drive community engagement to adhere with the COVID-19 health protocol.   Keywords: COVID-19, Dynamics Modeling, High Leverage Policy, Vaccine Effectiveness, Vaccine Impact   Abstrak   Program vaksinasi COVID-19 di Indonesia yang mulai dilaksanakan pada tanggal 13 Januari 2021 diharapkan dapat mempercepat terjadinya kekebalan kelompok (herd immunity) yang nantinya berdampak pada penurunan jumlah kasus yang terinfeksi. Organisasi Kesehatan Dunia (WHO) memaparkan bahwa kinerja vaksin dapat dilihat dari tiga pengukuran yaitu melalui efikasi, efektivitas, dan dampak vaksin. Kegiatan pengabdian kepada masyarakat ini bertujuan untuk memberikan masukan kepada pemerintah dalam mengimplementasikan strategi vaksinasi COVID-19 dengan menyediakan analisis prediksi menggunakan pemodelan matematika dinamis untuk mengetahui efektivitas dan dampak vaksinasi pada tingkat masyarakat. Lima jenis vaksin yang dianalisis adalah AstraZeneca, Moderna, Pfizer, Sinopharm dan Sinovac. Dua skenario dasar pemodelan yaitu dengan dan tanpa intervensi kebijakan vaksinasi disimulasikan. Hasil keluaran model menunjukkan kebijakan vaksinasi memberikan dampak dalam penurunan jumlah kasus COVID-19. Temuan utama yang didemonstrasikan oleh model adalah efektivitas vaksin setelah diimunisasikan ke masyarakat dipengaruhi oleh efikasinya, tetapi efikasi antar jenis vaksin tidak terlalu berpengaruh terhadap dampak vaksin di masyarakat. Oleh karena itu disarankan agar pemerintah menjamin ketersediaan vaksin apa pun jenisnya untuk mengakselerasi proses vaksinasi ke masyarakat dan mendorong partisipasi masyarakat untuk divaksin sehingga target yang sudah ditetapkan tercapai. Selanjutnya, mengingat bahwa dampak vaksin di masyarakat bukan hanya ditentukan oleh efikasinya, maka pemerintah harus terus melakukan upaya edukasi dan mendorong pelibatan masyarakat secara aktif untuk patuh menerapkan protokol kesehatan COVID-19.   Kata kunci: COVID-19, Pemodelan Dinamis, Kebijakan Berpengaruh Tinggi, Efektivitas Vaksin, Dampak Vaksin},
author = {Nasir, Narila Mutia and Joyosemito, Ibnu Susanto and Boerman, Baequni and Ismaniah, Ismaniah},
doi = {10.31599/jabdimas.v4i2.662},
file = {:C\:/Users/febri/Downloads/fatanidaul,+9.+Ibnu_UBJ_Abdimas_Juni2021.pdf:pdf},
journal = {Jurnal Pengabdian kepada Masyarakat UBJ},
number = {2},
pages = {191--204},
title = {{Kebijakan Vaksinasi COVID-19: Pendekatan Pemodelan Matematika Dinamis Pada Efektivitas Dan Dampak Vaksin Di Indonesia}},
volume = {4},
year = {2021}
}
@article{Akbar2022a,
author = {Akbar, Fadilah},
title = {{Analisis model epidemi seir dan simulasi serangan pandemi covid-19 gelombang kedua di kota surabaya}},
year = {2022}
}
@article{Putri2018,
author = {Putri, Siti Nur Mareliana Leni Syah},
file = {::},
title = {{Analisis Model Matematika Penyebaran Penyakit Co-Infection Chlamydia dan Pneumonia}},
year = {2018}
}
@article{Anggriani2022,
abstract = {The spread of COVID-19 to more than 200 countries has shocked the public. Therefore, understanding the dynamics of transmission is very important. In this paper, the COVID-19 mathematical model has been formulated, analyzed, and validated using incident data from West Java Province, Indonesia. The model made considers the asymptomatic and symptomatic compartments and decreased immunity. The model is formulated in the form of a system of differential equations, where the population is divided into seven compartments, namely Susceptible Population (S0), Exposed Population (E), Asymptomatic Infection Population (IA), Symptomatic Infection Population (YS), Recovered Population (Z), Susceptible Populations previously infected (Z0), and Quarantine population (Q). The results show that there has been an outbreak of COVID-19 in West Java Province, Indonesia. This can be seen from the basic reproduction number of this model, which is 3.180126127 (R0>1). Also, the numerical simulation results show that waning immunity can increase the occurrence of outbreaks; and a period of isolation can slow down the process of spreading COVID-19. So if a strict social distancing policy is enforced like a quarantine, the outbreak will lessen.},
author = {Anggriani, Nursanti and Ndii, Meksianis Z. and Amelia, Rika and Suryaningrat, Wahyu and Pratama, Mochammad Andhika Aji},
doi = {10.1016/j.aej.2021.04.104},
file = {:C\:/Users/febri/Desktop/PMB/paper/anggriani2021.pdf:pdf},
issn = {11100168},
journal = {Alexandria Engineering Journal},
keywords = {Asymptomatic,Basic Reproduction Ratio,COVID-19,Parameter estimation,Previous infection,Waning immunity},
number = {1},
pages = {113--124},
publisher = {Faculty of Engineering, Alexandria University},
title = {{A mathematical COVID-19 model considering asymptomatic and symptomatic classes with waning immunity}},
url = {https://doi.org/10.1016/j.aej.2021.04.104},
volume = {61},
year = {2022}
}
@article{Jason2021,
abstract = {Coronavirus disease 2019 (COVID-19) is a new emerging disease and a pandemic causing a high number of deaths. It is caused by Severe Acute Respiratory Syndrome Coronavirus 2 (SARS-CoV2) and transmitted via droplets. Several countries including Indonesia had applied social distancing to reduce the disease transmission. In this study, we were using two groups, with social distancing and without social distancing represented by quarantine parameter Q. We predict the peak number in both groups using Susceptible-Infected-Recovered-Deceased (SIRD) model. The aims of this study are to compare the peak number of cases in groups with and without social distancing cases in Jakarta. This study result in a lower peak number and longer days of disease period in group with strict social distancing than in groups without social distancing, the current case number represent quarantine parameter Q 0.4 of SIRD Model. We suggest applying strict social distancing in Jakarta considering the duration, health standard, and other factors affecting COVID-19 cases.},
author = {Jason and Roslynlia and Gunawan, Alexander A.S.},
doi = {10.1016/j.procs.2021.01.053},
file = {:C\:/Users/febri/Downloads/jason2021.pdf:pdf},
issn = {18770509},
journal = {Procedia Computer Science},
keywords = {COVID-19,Jakarta,SIRD,social distancing},
number = {2019},
pages = {662--669},
publisher = {Elsevier B.V.},
title = {{Forecasting Social Distancing impact on COVID-19 in Jakarta using SIRD Model}},
url = {https://doi.org/10.1016/j.procs.2021.01.053},
volume = {179},
year = {2021}
}
@article{Rusdi,
author = {Rusdi, Wahyudi and Toaha, Syamsuddin and Kusuma, Jeffry},
title = {{Kestabilan Model Epidemik SIR dengan Waktu Tunda}}
}
@article{Indriyani,
author = {Indriyani, Risma and Pratiwi, Hasih and Statistika, Program Studi and Maret, Universitas Sebelas},
file = {:C\:/Users/febri/Desktop/PMB/paper/834-Article Text-1835-1-10-20220202.pdf:pdf},
title = {{PENERAPAN MODEL EPIDEMI DISCRETE TIME MARKOV CHAIN SUSCEPTIBLE VACCINATED INFECTED RECOVERED ( DTMC SVIR ) ( STUDI KASUS PADA POLA PENYERBARAN PENYAKIT CAMPAK ) karakteristik setiap individu yang sembuh dari suatu penyakit akan memiliki sistem kekebalan t}}
}
@article{Oktafiani2013,
abstract = {West nile virus atau WNV adalah virus dari keluarga flaviviridae yang dapat ditemukan di daerah beriklim tropis dan daerah beriklim sedang. Virus ini disebarkan melalui gigitan nyamuk terinfeksi dan dapat menyebabkan radang otak dan menjadi penyakit yang serius dan fatal bagi manusia. Pada saat ini, belum terdapat vaksin yang dapat diberikan pada manusia sehingga masyarakat sebaiknya memiliki informasi untuk mengenali dan mencegah WNV. Dari hasil analisis terhadap model WNV diperoleh titik tetap bebas penyakit ??0 . Kestabilan titik tetap ??0 ditentukan oleh bilangan reproduksi dasar ??0 . Bilangan reproduksi dasar merupakan nilai eigen dominan dari matriks next generation. Titik tetap ??0 stabil jika ??0 < 1 dan tidak stabil jika ??0 > 1. Pada kondisi lingkungan yang buruk, populasi nyamuk meningkat sehingga kondisi bebas penyakit tidak dapat dipertahankan. Untuk mengurangi penularan WNV, maka laju kematian nyamuk ditingkatkan agar ??0 < 1 sehingga kondisi bebas penyakit dapat dicapai.},
author = {Oktafiani, L D and Kusnanto, A and Jaharuddin, D A N},
file = {::},
journal = {Journal of Mathematics and Its Application},
pages = {63--78},
title = {{Bilangan Reproduksi Dasar Model West Nile}},
volume = {12(1)},
year = {2013}
}
@article{Liu2021,
author = {Liu, Xian-xian and Fong, Simon James and Dey, Nilanjan and Crespo, Rub{\'{e}}n Gonz{\'{a}}lez},
file = {:C\:/Users/febri/Downloads/PMB/Liu2021_Article_ANewSEAIRDPandemicPredictionMo.pdf:pdf},
keywords = {Novel coronavirus,COVID-19,Asymptomatic cases,Dise,assessment,asymptomatic cases,covid-19,disease transmission,enhanced surveillance,interventions,novel coronavirus,risk,rub{\'{e}}n gonz{\'{a}}lez crespo,seaird,seir,severity},
pages = {4162--4198},
publisher = {Applied Intelligence},
title = {{A new SEAIRD pandemic prediction model with clinical and epidemiological data analysis on COVID-19 outbreak}},
year = {2021}
}
@article{Fahmy2020,
author = {Fahmy, Ahmed E and El-desouky, Mohammed M and Mohamed, Ahmed S A},
file = {:C\:/Users/febri/Downloads/PMB/2020.08.19.20178129v1.full.pdf:pdf},
keywords = {covid-19,mena region,pandemic,parameter estimation,seir model,trend},
pages = {0--2},
title = {{Epidemic Analysis of COVID-19 in Egypt , Qatar and Saudi Arabia using the Generalized SEIR Model}},
volume = {5723},
year = {2020}
}
@article{Adima2021,
author = {Adima, Fauzan and Wahjuni, Chatarina U and Notobroto, Haribasuki and Devy, Shrimarti Rukmini},
file = {:C\:/Users/febri/AppData/Local/Mendeley Ltd./Mendeley Desktop/Downloaded/Adima et al. - 2021 - How Was Social Support To The Healing Of Covid-19 Patients In Kediri City Structural Equation Model Analysis.pdf:pdf},
keywords = {covid-19,recovery,regression,sem,social support},
number = {2},
pages = {127--132},
title = {{How Was Social Support To The Healing Of Covid-19 Patients In Kediri City ? Structural Equation Model Analysis}},
volume = {12},
year = {2021}
}
@article{Roudhotillah2021,
abstract = {{\ldots} untuk bayi {\ldots} Quantifying Tb Transmission: A Systematic Review Of Reproduction Number And Serial Interval Estimates For Tuberculosis {\ldots} Faktor-Faktor Yang Berhubungan Dengan Kejadian Penyakit Tuberkulosis (Tb) Paru Di Wilayah Kerja Puskesmas Serang Kota Tahun 2019 {\ldots}},
author = {Roudhotillah, D and Chandra, T D},
file = {::},
journal = {Wahana Matematika dan Sains: Jurnal Matematika, Sains, dan Pembelajarannya},
number = {2},
pages = {56--74},
title = {{Analisis kestabilan model penyebaran penyakit tuberkulosis dengan menggunakan mseitr}},
url = {https://ejournal.undiksha.ac.id/index.php/JPM/article/view/34503},
volume = {15},
year = {2021}
}
@article{Rahmalia2007a,
author = {Rahmalia, Dinita},
number = {1},
pages = {11--19},
title = {{Stabilitas Dari Penyebaran Penyakit Flu Burung}},
year = {2007}
}
@article{Ariyanto2021,
author = {Ariyanto},
file = {::},
keywords = {covid-19,estimate ℛ 0,mathematical model},
number = {November},
pages = {29--40},
title = {{Analisis Perbandingan Bilangan Reproduksi Dasar Covid-19 Pada Bulan Agustus Dan September Tahun 2021 Di Kota Kupang}},
volume = {03},
year = {2021}
}
@article{Manaqib2021a,
abstract = {Penelitian ini menggembangakan model matematika penyebaran penyakit COVID-19 SEIR dengan lockdown dan karantina. Pembentukan model diawali dengan membuat asumsi dan diagram kompartemen alur penyebaran COVID-19 dengan lockdown dan karantina. Kemudian dibentuk sistem persamaan diferensial nonlinear berdasarkan diagram kompartemen tersebut. Analisis sistem dilakukan dengan menentukan titik ekuilibrium dan bilangan reproduksi dasar (). Hasilnya diperoleh dua buah titik ekuilibrium yakni titik ekuilibrium bebas penyakit yang eksistensinya tanpa syarat dan titik ekuilibrium endemik yang eksistensinya bergantung pada bilangan reproduksi dasar (> 1). Selanjutnya, analisis kestabilan titik ekuilibrium bebas penyakit menggunakan analisis nilai eigen matriks Jacobi dan Kriteria Routh-Hurwitz diperoleh titik kestimbangan bebas penyakit bersifat stabil asimtotik lokal jika . Terakhir simulasi model dilakukan untuk memberikan gambaran geometris dari solusi dan untuk mendukung teorema yang diperoleh. Hasil simulasi numerik yang dilakukan mendukung hasil analisis dinamik yang diperoleh.},
author = {Manaqib, Muhammad and Azizah, Maghvirotul and {Hartati S.}, Eti and Pratiwi, Savira and Maulana, Raza Aqil},
doi = {10.30598/barekengvol15iss3pp479-492},
issn = {1978-7227},
journal = {BAREKENG: Jurnal Ilmu Matematika dan Terapan},
number = {3},
pages = {479--492},
title = {{Analisis Model Matematika Penyebaran Penyakit Covid-19 Dengan Lockdown Dan Karantina}},
volume = {15},
year = {2021}
}
@article{Hurint2017,
abstract = {Analisis sensitivitas dari model epidemi Susceptible, Exposed, Infectious dan Recovered (SEIR) dilakukan untuk mengetahui pengaruh perubahan nilai parameter terhadap nilai basic reproduction number dan titik tetap endemik khususnya kelas exposed and infectious. Hasil analisis menunjukkan bahwa laju transmisi penyakit dan laju kesembuhan merupakan parameter yang paling berpengaruh terhadap basic reproduction number. Sementara itu, laju perpindahandari kelas exposed ke infectious merupakan parameter yang sangat berpengaruh pada jumlah individu exposed. Laju kesembuhan merupakan parameter yang berpengaruh terhadap populasi dari kelas infectious. Hasil ini mengimplikasikan bahwa untuk mengurangi epidemi suatu penyakit maka perlu intervensi kesehatan yang dapat mempercepat kesembuhan individu terinfeksi (infectious inviduals).},
author = {Hurint, Roberta U and Ndii, Meksianis Z. and Lobo, Maria},
doi = {10.22487/25411969.2017.v6.i1.8076},
file = {:C\:/Users/febri/AppData/Local/Mendeley Ltd./Mendeley Desktop/Downloaded/Hurint, Ndii, Lobo - 2017 - Analisis Sensitivitas Model Epidemi SEIR.pdf:pdf},
issn = {2338-0950},
journal = {Natural Science: Journal of Science and Technology},
keywords = {mathematical model,seir model,sensitivity analysis},
number = {1},
pages = {22--28},
title = {{Analisis Sensitivitas Model Epidemi SEIR}},
volume = {6},
year = {2017}
}
@article{Ika2021,
author = {Ika, Dewi and Hari, Sari and Kurniajati, Sandy},
file = {:C\:/Users/febri/Downloads/PMB/107.+Templete+JIC+Sari+Revisi+373-378.pdf:pdf},
isbn = {9786029902082},
number = {1},
pages = {373--378},
title = {{Attitudes and Knowledge about The Covid-19 Pandemic of Members of The Gbi Bukit Pengharapan Kediri Congregation}},
volume = {3},
year = {2021}
}
@article{Bappenas2020,
abstract = {Pandemi Covid-19 melanda dunia, dan Indonesia termasuk di dalamnya. Indonesia berjuang melawan Covid-19 dengan memodifikasi kebijakan karantina wilayah (lockdown) menjadi pembatasan sosial berskala besar (PSBB) yang bersifat lokal sesuai tingkat keparahan di wilayah provinsi, kabupaten, atau kota. Selama masa pandemi ini, perekonomian dunia dan Indonesia mengalami pelambatan. Pemerintah dan lembaga kajian strategis memprediksi Indonesia tumbuh rendah atau bahkan negatif di tahun 2020. Untuk itu, Pemerintah berupaya mengagendakan kebijakan Normal Baru agar dampak ekonomi akibat pandemi tidak sampai menimbulkan krisis yang berkepanjangan. Kebijakan ini berhubungan dengan perencanaan pembangunan dimana Pemerintah sudah menetapkan program, target, dan major projects di Rencana Pembangunan Jangka Menengah Nasional (RPJMN) 2020-2024. Pemerintah perlu melakukan penelaahan kembali terhadap rencana jangka menengah mengingat pada tahun 2020 semua program dilakukan pengalihan fokus untuk penanganan Covid-19. Pemerintah mempunyai 3 alternatif dalam perencanaan jangka menengah, apakah tetap dengan rencana semula, melakukan revisi moderat, atau mengganti dengan rencana yang baru dengan mendasarkan asumsi yang sudah diperbaharui dengan datangnya pandemi Covid-19 dan dampak ekonomi yang mengiringinya},
author = {{Kementerian Perencanaan Pembangunan Nasional (Bappenas) Republik Indonesia}},
doi = {10.36574/jpp.v4i2.118},
issn = {25980807},
journal = {Jurnal Perencanaan Pembangunan: The Indonesian Journal of Development Planning},
number = {2},
pages = {240--252},
title = {{Covid-19, New Normal, dan Perencanaan Pembangunan di Indonesia}},
volume = {4},
year = {2020}
}
@article{Side2022,
author = {Side, Syafruddin and Araaf, Aisyah Mukhlisah and Yunadia, Munadiya and Qamariah, Nur},
file = {::},
number = {I},
pages = {1--10},
title = {{Efektivitas Penerapan Protokol Kesehatan 3M pada Penularan Covid-19 dengan Model SEIR di Kota Makassar The Effectiveness of the Implementation of the 3M Health Protocol on Covid-19 Transmission using SEIR Model in Makassar City}},
volume = {XI},
year = {2022}
}
@article{Faruk2016,
author = {Faruk, Alfensi and A'maludin, Habib and Cahyono, Endro Setyo},
file = {::},
isbn = {9786027179813},
keywords = {sir model,stability,tuberculosis},
number = {1},
title = {{Stability Analysis of Epidemic SIR Model for Tuberculosis Disease}},
volume = {2},
year = {2016}
}
@article{Ferima2020,
abstract = {Model prey – predator dikembangkan pada kinerja lembaga Komisi Pemberantasan Korupsi dalam menangani kasus korupsi. Banyaknya koruptor dapat dikontrol dengan pemberian sanksi berupa hukuman kurungan atau penjara. Fungsi tujuan penelitian ini adalah mengetahui proses linierisasi pada model kinerja lembaga komisi pemberantasan korupsi sebagai bahan pembelajaran menganalisis kestabilan, keterkontrolan dan keteramatan. Adapun metode dalam penelitian ini adalah langkah awal proses linierisasi dengan menggunakan ekspansi deret Taylor dan kemudian diperoleh matriks Jacobi untuk menganalisis kestabilan, keterkontrolan, dan keteramatan pada model kinerja lembaga komisi pemberantasan korupsi. Adapun untuk hasil penelitian ini adalah analisis kestabilan yang diperoleh jika  memenuhi kriteria kestabilan, maka  stabil asimtotik dengan syarat  dan untuk  agar diperoleh stabil maka  Analisis keterkontrolan yang diperoleh  mempunyai rank sama dengan 2 berakibat sistem terkontrol. Analisis keteramatan yang diperoleh matriks  mempunyai rank sama dengan 2 sehingga sistem teramati.},
author = {Ferima, Cynthia Alvionita},
doi = {10.36873/jjms.2020.v2.i1.334},
file = {::},
issn = {2715-5153},
journal = {Jurnal Jejaring Matematika dan Sains},
keywords = {0,2020 jurnal jejaring matematika,4,analysis of,analysis of observability,analysis of stability,controllability,corruption,corruptor,dan sains,predatory prey model,process of linearization,this work is licensed,under a cc by-nc},
number = {1},
pages = {15--20},
title = {{Proses Linierisasi Model Kinerja Lembaga Komisi Pemberantasan Korupsi Periode 2017 – 2019}},
volume = {2},
year = {2020}
}
@article{Susilo2022,
author = {Susilo, Adityo and Olivia, Chyntia and Jasirwan, Maurine and Wafa, Syahidatul and Maria, Suzy and Rajabto, Wulyo and Fachriza, Ihza and Putri, Myranda Zahrah and Gabriella, Stacy and Penanganan, Tim and New, Infeksi and Pinere, Re-emerging Disease and Cipto, Rsupn},
file = {:C\:/Users/febri/Desktop/PMB/paper/648-3270-1-PB.pdf:pdf},
keywords = {covid-19,mutation,omicron,pandemic,variant},
number = {1},
pages = {59--81},
title = {{Review of Current Literatures Mutasi dan Varian Coronavirus Disease 2019 ( COVID-19 ): Tinjauan Literatur Terkini}},
volume = {9},
year = {2022}
}
@article{Matematika2017,
abstract = {Penyakit menular di Indonesia merupakan penyakit yang penularannya sangat cepat salah satunya penyakit menular difteri. Agar tidak meluasnya penyebaran penyakit menular program vaksinasi dan karantina diintensifkan. Tujuan penelitian adalah menurunkan {\ldots}},
author = {Puspita, Gina and Kharis, Muhammad and Supriyono},
doi = {10.15294/ujm.v6i1.11867},
file = {::},
issn = {2460-5859},
journal = {Unnes Journal of Mathematics},
keywords = {Diphteria,Diptheria,Mathematic model,Quarantined,Vaccination},
number = {1},
pages = {25--35},
title = {{Pemodelan Matematika Pada Penyebaran Penyakit Difteri Dengan Pengaruh Karantina Dan Vaksinasi}},
volume = {6},
year = {2017}
}
@article{Zuhairoh2022a,
author = {Zuhairoh, Faihatuz and Rosadi, Dedi and Effendie, Adhitya Ronnie},
file = {:C\:/Users/febri/Desktop/PMB/paper/EL_30_2_24.pdf:pdf},
number = {2},
title = {{Multi-state Discrete-time Markov Chain SVIRS Model on the Spread of COVID-19}},
volume = {30},
year = {2022}
}
@article{Indarwati2018,
author = {Indarwati, Tri and Irawati, Tri and Rimawati, Elistya},
number = {2},
pages = {2--7},
title = {{PENGGUNAAN METODE LINEAR REGRESSION UNTUK PREDIKSI}},
volume = {6},
year = {2018}
}
@article{Purwanti2019,
abstract = {{\ldots} Untuk membantu investor dalam menentukan keputusan bahwa saham tersebut harus dijual, dibeli, atau dipertahankan maka diperlukan adanya prediksi harga saham syariah {\ldots} dipertahankan maka perlu dilakukan peramalan atau prediksi harga saham {\ldots}},
author = {Purwanti, I},
file = {::},
title = {{Regresi Nonparametrik Kernel menggunakan Estimator Nadaraya-Watson dalam data Time Series: studi kasus: tingkat Suku Bunga, Kurs, Inflasi, jumlah uang {\ldots}}},
url = {http://digilib.uinsby.ac.id/32560/%0Ahttp://digilib.uinsby.ac.id/id/eprint/32560},
year = {2019}
}
@article{2019,
author = {Мальцева, О. А. and Никитенко, Т. В.},
doi = {10.1134/s0016794019060087},
file = {:C\:/Users/febri/Desktop/PMB/paper/MODEL-MATEMATIKA-PENYEBARAN-COVID-19-DENGAN-MEMPERTIMBANGKAN-TINGKAT-VAKSINASI.pdf:pdf},
issn = {0016-7940},
journal = {Геомагнетизм И Аэрономия},
number = {6},
pages = {727--741},
title = {{Особенности Поведения Ионосферных Параметров В0 И В1 В Высокоширотной Зоне}},
volume = {59},
year = {2019}
}
@article{Oktafiani2013a,
abstract = {West nile virus atau WNV adalah virus dari keluarga flaviviridae yang dapat ditemukan di daerah beriklim tropis dan daerah beriklim sedang. Virus ini disebarkan melalui gigitan nyamuk terinfeksi dan dapat menyebabkan radang otak dan menjadi penyakit yang serius dan fatal bagi manusia. Pada saat ini, belum terdapat vaksin yang dapat diberikan pada manusia sehingga masyarakat sebaiknya memiliki informasi untuk mengenali dan mencegah WNV. Dari hasil analisis terhadap model WNV diperoleh titik tetap bebas penyakit ??0 . Kestabilan titik tetap ??0 ditentukan oleh bilangan reproduksi dasar ??0 . Bilangan reproduksi dasar merupakan nilai eigen dominan dari matriks next generation. Titik tetap ??0 stabil jika ??0 < 1 dan tidak stabil jika ??0 > 1. Pada kondisi lingkungan yang buruk, populasi nyamuk meningkat sehingga kondisi bebas penyakit tidak dapat dipertahankan. Untuk mengurangi penularan WNV, maka laju kematian nyamuk ditingkatkan agar ??0 < 1 sehingga kondisi bebas penyakit dapat dicapai.},
author = {Oktafiani, L D and Kusnanto, A and Jaharuddin, D A N},
journal = {Journal of Mathematics and Its Application},
pages = {63--78},
title = {{Bilangan Reproduksi Dasar Model West Nile}},
volume = {12(1)},
year = {2013}
}
@article{Wintachai2021,
abstract = {This work is aimed to formulate and analyze a mathematical modeling, SEIR model, for COVID-19 with the main parameters of vaccination rate, effectiveness of prophylactic and therapeutic vaccines. Global and local stability of the model are investigated and also numerical simulation. Local stability of equilibrium points are classified. A Lyapunov function is constructed to analyze global stability of the disease-free equilibrium. The simulation part is based on two situations, the US and India. In the US circumstance, the result shows that with the rate of vaccination 0.1% per day of the US population and at least 20% effectiveness of both prophylactic and therapeutic vaccines, the reproductive numbers R0 are reduced from 2.99 (no vaccine) to less than 1. The same result happens in India case where the maximum reproductive number R0 in this case is 3.38. To achieve the same infected level of both countries, the simulation shows that with the same vaccine's efficiency the US needs a higher vaccination rate per day. Without vaccines for this pandemic, the model shows that a few percentages of the populations will suffering from the disease in the long term.},
author = {Wintachai, Phitchayapak and Prathom, Kiattisak},
doi = {10.1016/j.heliyon.2021.e06812},
file = {:C\:/Users/febri/AppData/Local/Mendeley Ltd./Mendeley Desktop/Downloaded/Wintachai, Prathom - 2021 - Stability analysis of SEIR model related to efficiency of vaccines for COVID-19 situation.pdf:pdf},
issn = {24058440},
journal = {Heliyon},
keywords = {COVID-19,Prophylactic,SEIR model,Stability,Therapeutic,Vaccination},
number = {4},
pages = {e06812},
publisher = {Elsevier Ltd},
title = {{Stability analysis of SEIR model related to efficiency of vaccines for COVID-19 situation}},
url = {https://doi.org/10.1016/j.heliyon.2021.e06812},
volume = {7},
year = {2021}
}
@article{Abdul2022,
author = {Abdul, Nur Safitri and Yahya, Lailany and Resmawan, R and Nuha, A R},
file = {:C\:/Users/febri/Desktop/PMB/paper/5003-Article Text-27172-3-10-20220512.pdf:pdf},
keywords = {basic reproductive numbers,cholera,mathematical model,stability analysis,vaccination},
number = {1},
pages = {281--292},
title = {{DYNAMIC ANALYSIS OF THE MATHEMATICAL MODEL OF THE SPREAD OF CHOLERA WITH VACCINATION STRATEGIES}},
volume = {16},
year = {2022}
}
@article{Manaqib2021,
abstract = {Penelitian ini menggembangakan model matematika penyebaran penyakit COVID-19 SEIR dengan lockdown dan karantina. Pembentukan model diawali dengan membuat asumsi dan diagram kompartemen alur penyebaran COVID-19 dengan lockdown dan karantina. Kemudian dibentuk sistem persamaan diferensial nonlinear berdasarkan diagram kompartemen tersebut. Analisis sistem dilakukan dengan menentukan titik ekuilibrium dan bilangan reproduksi dasar (). Hasilnya diperoleh dua buah titik ekuilibrium yakni titik ekuilibrium bebas penyakit yang eksistensinya tanpa syarat dan titik ekuilibrium endemik yang eksistensinya bergantung pada bilangan reproduksi dasar (> 1). Selanjutnya, analisis kestabilan titik ekuilibrium bebas penyakit menggunakan analisis nilai eigen matriks Jacobi dan Kriteria Routh-Hurwitz diperoleh titik kestimbangan bebas penyakit bersifat stabil asimtotik lokal jika . Terakhir simulasi model dilakukan untuk memberikan gambaran geometris dari solusi dan untuk mendukung teorema yang diperoleh. Hasil simulasi numerik yang dilakukan mendukung hasil analisis dinamik yang diperoleh.},
author = {Manaqib, Muhammad and Azizah, Maghvirotul and {Hartati S.}, Eti and Pratiwi, Savira and Maulana, Raza Aqil},
doi = {10.30598/barekengvol15iss3pp479-492},
file = {::},
issn = {1978-7227},
journal = {BAREKENG: Jurnal Ilmu Matematika dan Terapan},
keywords = {and equilibrium point stability,basic reproduction number,covid-19,lockdown,quarantine},
number = {3},
pages = {479--492},
title = {{Analisis Model Matematika Penyebaran Penyakit Covid-19 Dengan Lockdown Dan Karantina}},
volume = {15},
year = {2021}
}
@article{Diana2021,
abstract = {Pemodelan kasus positif COVID-19 perhari sangat sulit bahkan banyak gejala menunjukkan bahwa data yang diperoleh tidak menunjukkan suatu pola hubungan yang mudah untuk digambarkan. Untuk mengatasi kesulitan-kesulitan tersebut digunakan model regresi nonparametrik. Tujuan penelitian ini adalah medapatkan model terbaik dari pemodelan data kasus baru perhari COVID-19 di Jakarta menggunakan model regresi nonparametrik berupa regresi spline (cubic spline), smoothing spline dan MARS. Data kasus baru perhari COVID-19 di Jakarta yang digunakan adalah data kasus baru mulai tanggal 16 Maret 2020 sampai dengan 15 Agustus 2020. Data tersebut dibagi dalam dua kelompok yaitu data tanggal 16 Maret 2020 sampai dengan 6 Agustus 2020 sebagai data in sample yang digunakan sebagai pembentuk model regresi nonparametrik, dan data tanggal 7 Agustus 2020 sampai dengan 15 Agustus 2020 sebagai data out sample yang digunakan untuk memvalidasi model regresi nonparametrik. Hasil penelitian menunjukkan model regresi nonparametrik berupa MARS dengan BF=46, MI=1 dan MO=1 merupakan model terbaik dan sangat akurat dalam melakukan prediksi untuk kasus COVID-19 di Jakarta.},
author = {Diana, Rita and Rory, Rory},
doi = {10.34123/semnasoffstat.v2020i1.588},
file = {::},
journal = {Seminar Nasional Official Statistics},
keywords = {covid-19,mars,nonparametric,spline},
number = {1},
pages = {108--115},
title = {{Pemodelan Kasus Covid-19 Menggunakan Model Regresi Nonparametrik}},
volume = {2020},
year = {2021}
}
@article{Matematika2021a,
author = {Matematika, Jurnal Ilmiah},
file = {:C\:/Users/febri/Desktop/PMB/paper/garuda2573286.pdf:pdf},
isbn = {1703021401},
keywords = {branch and bound,integer linear programming,optimization},
number = {02},
pages = {251--259},
title = {{MATH unesa}},
volume = {09},
year = {2021}
}
@article{Kristianto2021,
author = {Kristianto, William and Retno, Dewi and Saputra, Sari},
file = {:C\:/Users/febri/Desktop/PMB/paper/9271-27347-1-PB.pdf:pdf},
number = {2},
pages = {271--278},
title = {{Model Susceptible Vaccinated Infected Recovered : Formulasi dan Penerapan Model pada Penyebaran Penyakit Campak di Indonesia A . Pendahuluan Penyakit menular disebabkan oleh mikroorganisme patogen , seperti bakteri , virus , parasit atau jamur yang dapat }},
volume = {12},
year = {2021}
}
@article{Com2021,
author = {Com, Kompas and Sander, Charles and Semiotics, Peirce},
file = {:C\:/Users/febri/Downloads/2513-10198-1-PB.pdf:pdf},
keywords = {com,covid 19,governor of dki,kompas,semiotics},
number = {1},
title = {{MAKNA ZONA MERAH COVID 19 DI DKI JAKARTA ( STUDI SEMIOTIKA CHARLES SANDER PEIRCE BERITA KOMPAS . COM ) MEANING OF THE RED ZONE COVID 19 IN DKI JAKARTA}},
volume = {15},
year = {2021}
}
@article{Putri2013,
abstract = {a dan pemangsa. Tujuan yang pertama dari penelitian ini adalah menyelesaikan solusi numerik dari model Predator-Prey dengan menggunakan metode Runge-Kutta orde empat dan Gill. Tujuan yang kedua adalah mengetahui profil model Predator- Prey yang diselesaikan secara numerik menggunakan metode Runge-Kutta orde empat dan Gill. Pada penelitian ini terdapat beberapa langkah yang akan dilakukan. Langkah yang pertama adalah menetukan model Predator-Prey yang akan diselesaikan secara numerik menggunakan Runge-Kutta orde empat dan Gill. Langkah selanjutnya adalah melakukan simulasi program dengan memvariasikan nilai parameter untuk laju kelahiran mangsa ( ), laju kematian pemangsa ( ), penurunan jumlah populasi mangsa ( ), dan peningkatan pada jumlah populasi pemangsa ( ). Langkah terakhir adalah menganalisis hasil simulasi untuk mengetahui profil Predator-Prey dengan metode Runge-Kutta orde empat dan Gill. Metode Runge-Kutta orde empat dan Gill, keduanya merupakan metode yang baik. Dari hasil analisis selisih estimasi Runge-Kutta orde empat dan Gill untuk pemangsa dan mangsa, kedua metode ini tidak terlihat perbedaan yang signifikan untuk mengetahui metode yang lebih baik dalam menyelesaikan model Predator- Prey. Dikarenakan model Predator-Prey tidak dapat diselesaikan secara analitik sehingga tidak dapat dilihat perbedaan kedua metode tersebut dari pendekatan solusi analitiknya. Analisis hasil simulasi menggunakan metode Runge-Kutta orde empat dan Gill menunjukkan bahwa semakin besar nilai , populasi mangsa meningkat dengan nilai . Semakin kecil nilai dan yang diberikan maka akan menyebabkan proses interaksi antara kedua populasi melambat dan populasi mangsa meningkat. Hal ini dikarenakan populasi mangsa bereproduksi sangat cepat dari pada pemangsa tetapi tidak terjadi ledakan antara mangsa dan pemangsa dalam kelahiran maupun kematian sehingga proses interaksinya berlangsung stabil.},
author = {Putri, Prian Peisesa},
journal = {Skripsi Universitas Jember},
pages = {1--64},
title = {{Analisis Solusi Numerik Model Predator-Prey Dengan Metode Runge-Kutta Orde Empat Dan Gill}},
year = {2013}
}
@article{Prasetyanto2022,
abstract = {In response to the COVID-19 pandemic, educational institutions worldwide have made online learning their primary channel. While the various benefits of e-learning have influenced gov-ernments to extend the use of this platform after the pandemic, there is the question of the intention of students toward online learning (i.e., participation and location) after the pandemic. This research aims to examine the intention of undergraduate students to do online learning post-COVID-19 pandemic and explore the factors that affect them in Indonesia. To that end, this study distributed an online questionnaire to 906 undergraduate students in mid-2021 in Bandung, Indonesia, and used the Discriminant Analysis (DA) and Multinomial Logistics Regression (MNL) model to explore the factors that influence the intention for e-learning after the pandemic. Teaching quality and time management benefits were found to influence students' intention to spend more days on e-learning. Lower frequency of e-learning is associated with communication problems, internet problems, and unfavorable conditions at home. While the substitution effect is found in e-learning for students who are able to focus during online class, the neutral effect is found for students who experience internet problems and have a lower monthly allowance. E-learning also modifies trips for students who have higher monthly allowances and experience dizziness from long screen time. Students who reside in well-developed neighborhoods tend to prefer to attend online classes from home.},
author = {Prasetyanto, Dwi and Rizki, Muhamad and Sunitiyoso, Yos},
doi = {10.3390/su14041982},
file = {:C\:/Users/febri/Desktop/PMB/paper/sustainability-14-01982-v2.pdf:pdf},
issn = {20711050},
journal = {Sustainability (Switzerland)},
keywords = {COVID-19,Modification,Neutrality,Online learning,Substitution,Travel},
number = {4},
title = {{Online Learning Participation Intention after COVID-19 Pandemic in Indonesia: Do Students Still Make Trips for Online Class?}},
volume = {14},
year = {2022}
}
@article{Cahyaningtias2016,
abstract = {Pertumbuhan tanaman padi pada lahan pertanian dapat membentuk suatu interaksi dengan pola tertentu dimana populasi tanaman padi yang besifat dinamik sebagai prey (mangsa) mendapatkan ancaman dari predator (pemangsa). Predator dalam penelitian ini dibatasi pada hama. Kedua jenis spesies ini terikat dalam bentuk interaksi yang dinamakan predator-prey. Tingginya populasi pada salah satu jenis spesies akan mempengaruhi jumlah populasi spesies yang lain. Model Lotka-Volterra dua dimensi digunakan sebagai dasar pembentukan model dinamik interaksi antara tanaman padi dengan hama. Analisis kestabilan pada model ini, diperlukan untuk mendapatkan pola interaksi antara tanaman padi dengan hama. Pada penelitian ini didapatkan dua jenis titik penyelesaian dari sistem yang dibentuk antara lain  dan . Hasil dari analisis titik-titik penyelesaian yang didapatkan menunjukkan bahwa pada titik  terjadi kepunahan baik pada predator (hama) dan juga prey (padi). Sedangkan pada  terjadi kesetimbangan pada proses interaksi. Analisis kestabilan nilai karakteristik dan kestabilan Routh-Hurwitz menunjukkan bahwa sistem ini stabil pada},
author = {Cahyaningtias, Sari},
doi = {10.36456/wahana.v66i1.491},
file = {::},
issn = {0853-4403},
journal = {Wahana},
keywords = {lotka-volterra modelling,routh-hurwitz criteria,stability analysis},
number = {1},
pages = {69--73},
title = {{Applikasi Kriteria Routh-Hurwitz Pada Kestabilan Model Interaksi Padi-Hama}},
volume = {66},
year = {2016}
}
@article{Side2022a,
author = {Side, Syafruddin and Araaf, Aisyah Mukhlisah and Yunadia, Munadiya and Qamariah, Nur},
number = {I},
pages = {1--10},
title = {{Efektivitas Penerapan Protokol Kesehatan 3M pada Penularan Covid-19 dengan Model SEIR di Kota Makassar The Effectiveness of the Implementation of the 3M Health Protocol on Covid-19 Transmission using SEIR Model in Makassar City}},
volume = {XI},
year = {2022}
}
@article{Aldila2020,
abstract = {The aim of this study is to investigate the effects of rapid testing and social distancing in controlling the spread of COVID-19, particularly in the city of Jakarta, Indonesia. We formulate a modified susceptible exposed infectious recovered compartmental model considering asymptomatic individuals. Rapid testing is intended to trace the existence of asymptomatic infected individuals among the population. This asymptomatic class is categorized into two subclasses: detected and undetected asymptomatic individuals. Furthermore, the model considers the limitations of medical resources to treat an infected individual in a hospital. The model shows two types of equilibrium point: COVID-19 free and COVID-19 endemic. The COVID-19-free equilibrium point is locally and asymptotically stable if the basic reproduction number (R0) is less than unity. In contrast, COVID-19-endemic equilibrium always exists when R0>1. The model can also show a backward bifurcation at R0=1 whenever the treatment saturation parameter, which describes the hospital capacity, is larger than a specific threshold. To justify the model parameters, we use the incidence data from the city of Jakarta, Indonesia. The data pertain to infected individuals who self-isolate in their homes and visit the hospital for further treatment. Our numerical experiments indicate that strict social distancing has the potential to succeed in reducing and delaying the time of an outbreak. However, if the strict social distancing policy is relaxed, a massive rapid-test intervention should be conducted to avoid a large-scale outbreak in the future.},
author = {Aldila, Dipo and Khoshnaw, Sarbaz H.A. and Safitri, Egi and Anwar, Yusril Rais and Bakry, Aanisah R.Q. and Samiadji, Brenda M. and Anugerah, Demas A. and GH, M. Farhan Alfarizi and Ayulani, Indri D. and Salim, Sheryl N.},
doi = {10.1016/j.chaos.2020.110042},
file = {:C\:/Users/febri/Downloads/10.1016@j.chaos.2020.110042 (1).pdf:pdf},
issn = {09600779},
journal = {Chaos, Solitons and Fractals},
keywords = {Asymptomatic cases,Backward bifurcation,Basic reproduction number,COVID-19,Rapid test,Social distancing},
pages = {110042},
publisher = {Elsevier Ltd},
title = {{A mathematical study on the spread of COVID-19 considering social distancing and rapid assessment: The case of Jakarta, Indonesia}},
url = {https://doi.org/10.1016/j.chaos.2020.110042},
volume = {139},
year = {2020}
}
@article{Langi2011,
abstract = {Masalah dasar dari pemodelan stokastik dengan proses Markov adalah menentukan deskripsi state yang sesuai, sehingga proses stokastik yang berpadanan akan benar-benar memiliki sifat Markov, yaitu pengetahuan terhadap state saat ini adalah cukup untuk memprediksi perilaku stokastik dari proses di waktu yang akan datang. Penelitian ini dilakukan untuk menentukan klasifikasi state pada rantai Markov yang dibatasi untuk n = 4. Hasil penelitian ini menunjukkan bahwa untuk, state 4 terdapat satu state absorbing dan tiga state transient. Untuk batasan nilai terdapat dua state yang transient, dua state yang recurrent, dan membentuk satu kelas ekivalensi, sedangkan untuk batasan nilai terdapat dua state yang transient, dua state yang recurrent, dan termasuk state yang recurrent dalam satu kelas ekivalensi. DETERMINE CLASSIFICATION OF STATE IN MARKOV CHAIN USING EIGEN VALUE FROM TRANTITION PROBABILITY MATRIXABSTRACTBase problem from stochastic modal with Markov process is to determine appropriate state of description, in order that stochastic process corresponding will has truly Markov's characteristic. Recently, it is adequate for knowledge of state to predict process of behavior stochastic in future. The research is intended to determine classification of state in Markov's chain that is restriction to 4. The results indicate that for state,for 4. A restriction value will be formed one state transient, two states recurrent and one class of equivalent, while limited one will be formed two states transient, two states recurrent, and including one state recurrent inside one class of equivalent.},
author = {Langi, Yohanes A. R.},
doi = {10.35799/jis.11.1.2011.54},
file = {::},
issn = {14123770},
journal = {Jurnal Ilmiah Sains},
keywords = {marcov chain,state clasification,stochastic},
number = {1},
pages = {124},
title = {{Penentuan Klasifikasi State Pada Rantai Markov Dengan Menggunakan Nilai Eigen Dari Matriks Peluang Transisi}},
volume = {11},
year = {2011}
}
@article{Youssef2020,
author = {Youssef, Hamdy M and Alghamdi, Najat A and Ezzat, Magdy A and El-bary, Alaa A and Ahmed, M},
doi = {10.3934/mbe.2020362},
file = {:C\:/Users/febri/Downloads/PMB/mbe-17-06-362.pdf:pdf},
number = {October},
pages = {7018--7044},
title = {{A new dynamical modeling SEIR with global analysis applied to the real data of spreading COVID-19 in Saudi Arabia}},
volume = {17},
year = {2020}
}
@article{Fitri2021,
abstract = {The SARS-CoV-2 outbreak that started in China created COVID-19 pandemic all around the world. This pandemic is declared as a world health crisis by the World Health Organization in 2020. In response to this pandemic, many countries have been conducting various measures to manage the spread of the disease employing lockdown, contacts tracing, and massive testing. As the vaccine and medicine for this virus are under development, the governments all around the world can only apply non-curative measures. With many considerations, especially in the economic sector, governments seem hesitant to apply extensive control measures and this results in a considerable financial loss. In this paper, a generic mathematical model with thirteen compartments is developed, of which it is equipped with five control measures namely quarantine, active carrier identification, recovered individual identification, past infection identification, and medical treatment. We employ the COVID-19 outbreak in Jakarta as a study case to evaluate a series of control scenarios. Optimal control approach is used to find the best control strategy in managing the pandemic. It is suggested that adding the efforts on testing policy and medical treatment 40 days after the first confirmed infection is the most cost-effective strategy with the number of death decreased as much as 60.21 percent of the death cases under initial control strategy.},
author = {Fitri, Ihza Rizkia and Bakhtiar, Toni},
doi = {10.48129/kjs.splcov.12819},
file = {:C\:/Users/febri/Downloads/12819-First Manuscript-80147-2-10-20211206 (1).pdf:pdf},
issn = {23074108},
journal = {Kuwait Journal of Science},
keywords = {covid-19 cost-effectiveness analysis,medical treatment,modeling,optimal control,quarantine and testing},
number = {Tobias},
pages = {1--22},
title = {{Controlling COVID-19 spread in Jakarta, Indonesia, using quarantine, testing and medical treatment}},
year = {2021}
}
@article{Putra2016,
abstract = {In this paper, it will be studied stability for a SEIR epidemic model with infectious force in latent, infected and immune period with standard incidence. From the model it will be found investigated the existence and uniqueness solution  of points its equilibrium. Existence solution of points equilibrium proved by show its differential equations system of equilibrium continue, and uniqueness solution of points equilibrium proved by show its differential equation system of equilibrium differentiable continue.},
author = {Putra, Roni Tri},
doi = {10.30630/jipr.12.1.37},
file = {::},
issn = {1858-3709},
journal = {Jurnal Ilmiah Poli Rekayasa},
keywords = {equilibrium points,existence solution,standard incidence,uniqueness solution},
number = {1},
pages = {73},
title = {{Model Epidemi Seir dengan Insidensi Standar}},
volume = {12},
year = {2016}
}
@article{Zuhairoh2022,
author = {Zuhairoh, Faihatuz and Rosadi, Dedi and Effendie, Adhitya Ronnie},
number = {2},
title = {{Multi-state Discrete-time Markov Chain SVIRS Model on the Spread of COVID-19}},
volume = {30},
year = {2022}
}
@article{Terapan,
author = {Rusdi, Wahyudi and Toaha, Syamsuddin and Kusuma, Jeffry},
file = {::},
title = {{Kestabilan Model Epidemik SIR dengan Waktu Tunda}}
}
@article{Rahmalia2007,
author = {Rahmalia, Dinita},
file = {::},
number = {1},
pages = {11--19},
title = {{Stabilitas Dari Penyebaran Penyakit Flu Burung}},
year = {2007}
}
@article{Megananta2022,
author = {Megananta, Janatul Rona and Fauzi, Agus Machfud},
file = {:C\:/Users/febri/Downloads/PMB/1.+Kediri+Government+Policy+Before+Year+End+Holiday+Middle+of+The+Covid-19+Pandemic.pdf:pdf},
number = {1},
pages = {1--10},
title = {{Kediri Government Policy Before Year End Holiday Middle of The Covid-19 Pandemic}},
volume = {1},
year = {2022}
}
@article{Roudhotillah2021a,
abstract = {{\ldots} untuk bayi {\ldots} Quantifying Tb Transmission: A Systematic Review Of Reproduction Number And Serial Interval Estimates For Tuberculosis {\ldots} Faktor-Faktor Yang Berhubungan Dengan Kejadian Penyakit Tuberkulosis (Tb) Paru Di Wilayah Kerja Puskesmas Serang Kota Tahun 2019 {\ldots}},
author = {Roudhotillah, D and Chandra, T D},
journal = {Wahana Matematika dan Sains: Jurnal Matematika, Sains, dan Pembelajarannya},
number = {2},
pages = {56--74},
title = {{Analisis kestabilan model penyebaran penyakit tuberkulosis dengan menggunakan mseitr}},
volume = {15},
year = {2021}
}
@book{Akrim2020,
abstract = {Predicting the binding mode of flexible polypeptides to proteins is an important task that falls outside the domain of applicability of most small molecule and protein−protein docking tools. Here, we test the small molecule flexible ligand docking program Glide on a set of 19 non-$\alpha$-helical peptides and systematically improve pose prediction accuracy by enhancing Glide sampling for flexible polypeptides. In addition, scoring of the poses was improved by post-processing with physics-based implicit solvent MM- GBSA calculations. Using the best RMSD among the top 10 scoring poses as a metric, the success rate (RMSD ≤ 2.0 {\AA} for the interface backbone atoms) increased from 21% with default Glide SP settings to 58% with the enhanced peptide sampling and scoring protocol in the case of redocking to the native protein structure. This approaches the accuracy of the recently developed Rosetta FlexPepDock method (63% success for these 19 peptides) while being over 100 times faster. Cross-docking was performed for a subset of cases where an unbound receptor structure was available, and in that case, 40% of peptides were docked successfully. We analyze the results and find that the optimized polypeptide protocol is most accurate for extended peptides of limited size and number of formal charges, defining a domain of applicability for this approach.},
archivePrefix = {arXiv},
arxivId = {arXiv:1011.1669v3},
author = {Akrim and Sulasmi, Emilda and Eriska, Peny and Hidayat, Fadhil Pahlevi},
booktitle = {Book Chapter Covid 19 & Kampus Merdeka di Era new Normal Ditinjau dari Perspektif Ilmu Pengetahuan},
eprint = {arXiv:1011.1669v3},
file = {:C\:/Users/febri/Desktop/PMB/paper/COVID-19+DAN+KAMPUS+MERDEKA+DI+ERA+NEW+NORMAL++(Ditinjau++dari++Perspektif++Ilmu++Pengetahuan).pdf:pdf},
isbn = {9788578110796},
issn = {1098-6596},
keywords = {icle},
pages = {62--77},
pmid = {25246403},
title = {{Kampus Merdeka di Era new Normal Ditinjau dari Perspektif Ilmu Pengetahuan}},
volume = {4},
year = {2020}
}
